@inproceedings{ebrahimi2015recurrent,
  title={Recurrent neural networks for emotion recognition in video},
  author={Ebrahimi Kahou, Samira and Michalski, Vincent and Konda, Kishore and Memisevic, Roland and Pal, Christopher},
  booktitle={Proceedings of the 2015 ACM on International Conference on Multimodal Interaction},
  pages={467--474},
  year={2015},
  organization={ACM}
}

@book{goodfellow2016deep,
  title={Deep learning},
  author={Goodfellow, Ian and Bengio, Yoshua and Courville, Aaron},
  year={2016},
  publisher={MIT press}
}

@article{hochreiter1997long,
  title={Long short-term memory},
  author={Hochreiter, Sepp and Schmidhuber, J{\"u}rgen},
  journal={Neural computation},
  volume={9},
  number={8},
  pages={1735--1780},
  year={1997},
  publisher={MIT Press}
}



@article{mehri2016samplernn,
  title={SampleRNN: An unconditional end-to-end neural audio generation model},
  author={Mehri, Soroush and Kumar, Kundan and Gulrajani, Ishaan and Kumar, Rithesh and Jain, Shubham and Sotelo, Jose and Courville, Aaron and Bengio, Yoshua},
  journal={arXiv preprint arXiv:1612.07837},
  year={2016}
}

@inproceedings{murakami1991gesture,
  title={Gesture recognition using recurrent neural networks},
  author={Murakami, Kouichi and Taguchi, Hitomi},
  booktitle={Proceedings of the SIGCHI conference on Human factors in computing systems},
  pages={237--242},
  year={1991},
  organization={ACM}
}

@article{van2016wavenet,
  title={WaveNet: A generative model for raw audio.},
  author={Van Den Oord, A{\"a}ron and Dieleman, Sander and Zen, Heiga and Simonyan, Karen and Vinyals, Oriol and Graves, Alex and Kalchbrenner, Nal and Senior, Andrew W and Kavukcuoglu, Koray},
  journal={SSW},
  volume={125},
  year={2016}
}

@article{venugopalan2014translating,
  title={Translating videos to natural language using deep recurrent neural networks},
  author={Venugopalan, Subhashini and Xu, Huijuan and Donahue, Jeff and Rohrbach, Marcus and Mooney, Raymond and Saenko, Kate},
  journal={arXiv preprint arXiv:1412.4729},
  year={2014}
}


@article{zukowski2018generating,
  title={Generating black metal and math rock: Beyond bach, beethoven, and beatles},
  author={Zukowski, Zack and Carr, CJ},
  journal={arXiv preprint arXiv:1811.066331},
  year={2018}
}
